<record><leader>00000cas a2200000 a 4500</leader><controlfield tag="001">18633605</controlfield><controlfield tag="008">881019d19281954idudn ne      0    0eng c</controlfield><datafield ind1=" " ind2=" " tag="010"><subfield code="a">sn 88056058 </subfield></datafield><datafield ind1=" " ind2=" " tag="040"><subfield code="a">NVB</subfield><subfield code="b">eng</subfield><subfield code="c">NVB</subfield><subfield code="d">OCLCQ</subfield><subfield code="d">CUI</subfield><subfield code="d">OCLCQ</subfield><subfield code="d">OCLCF</subfield></datafield><datafield ind1=" " ind2=" " tag="042"><subfield code="a">pcc</subfield></datafield><datafield ind1=" " ind2=" " tag="043"><subfield code="a">n-us-id</subfield></datafield><datafield ind1=" " ind2="4" tag="050"><subfield code="a">AN</subfield></datafield><datafield ind1="0" ind2="4" tag="245"><subfield code="a">The Caldwell news-tribune.</subfield></datafield><datafield ind1="1" ind2="7" tag="246"><subfield code="a">News-tribune</subfield></datafield><datafield ind1=" " ind2=" " tag="260"><subfield code="a">Caldwell, Idaho :</subfield><subfield code="b">Caldwell Pub. Co.</subfield></datafield><datafield ind1=" " ind2=" " tag="300"><subfield code="a">v.</subfield></datafield><datafield ind1=" " ind2=" " tag="310"><subfield code="a">Daily (except Sun.),</subfield><subfield code="b">July 5, 1933-Nov. 4, 1954</subfield></datafield><datafield ind1=" " ind2=" " tag="321"><subfield code="a">Semiweekly,</subfield><subfield code="b">Apr. 12, 1928-June 25, 1933</subfield></datafield><datafield ind1="0" ind2=" " tag="362"><subfield code="a">Vol. 46, no. 15 (Apr. 12, 1928)-v. 50. no. 52 (June 29, 1933) ; 50th year, no. 53 (July 5, 1933)-71st year, no. 197 (Aug. 21, 1954) ; Aug. 28, 1954-Nov. 4, 1954.</subfield></datafield><datafield ind1=" " ind2="0" tag="651"><subfield code="a">Caldwell (Idaho)</subfield><subfield code="v">Newspapers.</subfield></datafield><datafield ind1=" " ind2="7" tag="655"><subfield code="a">Newspapers.</subfield><subfield code="2">fast</subfield><subfield code="0">(OCoLC)fst01423814</subfield></datafield><datafield ind1=" " ind2="7" tag="651"><subfield code="a">Idaho</subfield><subfield code="z">Caldwell.</subfield><subfield code="2">fast</subfield><subfield code="0">(OCoLC)fst01220487</subfield></datafield><datafield ind1=" " ind2=" " tag="752"><subfield code="a">United States</subfield><subfield code="b">Idaho</subfield><subfield code="c">Canyon</subfield><subfield code="d">Caldwell.</subfield></datafield><datafield ind1="0" ind2="4" tag="780"><subfield code="t">Caldwell tribune</subfield><subfield code="w">(DLC)sn 86091092</subfield><subfield code="w">(OCoLC)13107264</subfield></datafield><datafield ind1="0" ind2="4" tag="780"><subfield code="t">Caldwell news (Caldwell, Idaho)</subfield><subfield code="w">(DLC)sn 88056060</subfield><subfield code="w">(OCoLC)18633470</subfield></datafield><datafield ind1="0" ind2="0" tag="785"><subfield code="t">News-tribune (Caldwell, Idaho)</subfield><subfield code="w">(DLC)sn 88056062</subfield><subfield code="w">(OCoLC)18633737</subfield></datafield></record>